
@article{Kaitlyn1782019,
    author  = "Kaitlyn E. Johnson, et al",
    title   = " Cancer cell population growth kinetics at low densities deviate from the exponential growth 
    model and suggest an Allee effect.",
    year    = "2019",
    journal = "PLOS BIOLOGY",
    volume  = "17",
    number  = "8"
}

@article{Gerlee032022,
    author  = "Gerlee P and Altrock PM and Malik A and Krona C and Nelander S.",
    title   = "Autocrine signaling can explain the emergence of Allee effects in cancer cell populations.",
    year    = "2022",
    journal = "PLoS Comput Biol",
    volume  = "18",
    number  = "3"
}

@article{Cornel072020,
    author  = "Cornel AM and Mimpen IL and Nierkens S",
    title   = " MHC Class I Downregulation in Cancer: Underlying Mechanisms and Potential Targets for Cancer Immunotherapy.",
    year    = "2020",
    journal = "Cancers (Basel)",
    volume  = "12",
    number  = "7"
}